@inproceedings{zafarani13,
	title={Connecting users across social media sites: a behavioral-modeling approach},
	author={Zafarani, Reza and Liu, Huan},
	booktitle={Proceedings of the 19th ACM SIGKDD international conference on Knowledge Discovery and Data mining},
	pages={41--49},
	year={2013},
	organization={ACM}
},


@inproceedings{zafarani09,
	title={Connecting Corresponding Identities across Communities.},
	author={Zafarani, Reza and Liu, Huan},
	booktitle={ICWSM},
	year={2009}
},

@inproceedings{perito11,
	title={How unique and traceable are usernames?},
	author={Perito, Daniele and Castelluccia, Claude and Kaafar, Mohamed Ali and Manils, Pere},
	booktitle={Privacy Enhancing Technologies},
	pages={1--17},
	year={2011},
	organization={Springer}
},

@misc{openidtrend,
			author = {Build With},
			title = {{Web and Internet Technology Usage Statistics}},
			month = {November},
			year = {2014},
			howpublished = "\url{http://trends.builtwith.com/docinfo/OpenID}"
},

@article{miller1956magical,
	title={The magical number seven, plus or minus two: some limits on our capacity for processing information.},
	author={Miller, George A},
	journal={Psychological review},
	volume={63},
	number={2},
	pages={81},
	year={1956},
	publisher={American Psychological Association}
},

@book{berrylinoff97,
	title={Data mining techniques: for marketing, sales, and customer support},
	author={Berry, Michael J. and Linoff, Gordon},
	year={1997},
	publisher={John Wiley \& Sons, Inc.}
},

@misc{doctorow,
		author = {C. Doctorow},
		title = {{Preliminary Analysis of LinkedIn User Passwords}},
		month = {June},
		year = {2012},
		howpublished = "\url{http://bit.ly/1zetKsF}"
},

@book{thomcov,
	title={Elements of information theory},
	author={Cover, Thomas M. and Thomas, Joy A.},
	year={2012},
	published={John Wiley \& Sons}
},

@misc{keylayout,
		author = {Wikipedia},
		title = {{Keyboard layouts}},
		howpublished = "\url{http://bitly.com/kXso}"
},


@misc{touchtyping,
	author = {Wikipedia},
	title = {{Touchtyping}},
	howpublished = "\url{http://bit.ly/1FB5GEA}"
},


@misc{fbinsights,
	author = {Facebook For Business},
	title = {{Audience Insights}},
	howpublished = "\url{https://www.facebook.com/business/news/audience-insights}",
	year = {2014}
},

@article{gardner1984learning,
	title={Learning characteristics of stochastic-gradient-descent algorithms: A general study, analysis, and critique},
	author={Gardner, William A.},
	journal={Signal Processing},
	volume={6},
	number={2},
	pages={113--133},
	year={1984},
	publisher={Elsevier}
},

@inproceedings{zhang2004solving,
	title={Solving large scale linear prediction problems using stochastic gradient descent algorithms},
	author={Zhang, Tong},
	booktitle={Proceedings of the twenty-first international conference on Machine learning},
	pages={116},
	year={2004},
	organization={ACM}
}

@article{crammer06,
	title={Online passive-aggressive algorithms},
	author={Crammer, Koby and Dekel, Ofer and Keshet, Joseph and Shalev-Shwartz, Shai and Singer, Yoram},
	journal={The Journal of Machine Learning Research},
	volume={7},
	pages={551--585},
	year={2006},
	publisher={JMLR. org}
}
